<?xml version="1.0" encoding="UTF-8"?><collection xmlns="http://www.loc.gov/MARC21/slim"><record><leader>00384nam--2200145-i-4500</leader><controlfield tag="001">000035725</controlfield><controlfield tag="002">20161230</controlfield><controlfield tag="005">20161230201040</controlfield><controlfield tag="008">060222s1000------------r-----000-0-eng-d</controlfield><datafield ind1=" " ind2=" " tag="080"><subfield code="a">65.012.65</subfield></datafield><datafield ind1=" " ind2=" " tag="100"><subfield code="a">Orascu, Serban</subfield></datafield><datafield ind1=" " ind2=" " tag="245"><subfield code="a">Organizarea cooperarii interuzinale</subfield></datafield><datafield ind1=" " ind2=" " tag="260"><subfield code="a">Bucuresti, Inst.Central De Docum.Tehnica, 1970, 83p</subfield></datafield><datafield ind1=" " ind2=" " tag="490"><subfield code="a">Sinteza Documentara</subfield></datafield><datafield ind1=" " ind2=" " tag="852"><subfield code="a">37942</subfield></datafield></record></collection>